@article{ozaki2007continued,
  title={Continued fraction representation of the Fermi-Dirac function for large-scale electronic structure calculations},
  author={Ozaki, Taisuke},
  journal={Physical Review B},
  volume={75},
  number={3},
  pages={035123},
  year={2007},
  publisher={APS}
}

@article{karrasch2010finite,
  title={Finite-temperature linear conductance from the Matsubara Greenâ€™s function without analytic continuation to the real axis},
  author={Karrasch, C and Meden, V and Sch{\"o}nhammer, K},
  journal={Physical Review B},
  volume={82},
  number={12},
  pages={125114},
  year={2010},
  publisher={APS}
}

@article{gergs2015charge,
  title={Charge fluctuations in nonlinear heat transport},
  author={Gergs, Niklas M and H{\"o}rig, Christoph BM and Wegewijs, Maarten R and Schuricht, Dirk},
  journal={Physical Review B},
  volume={91},
  number={20},
  pages={201107},
  year={2015},
  publisher={APS}
}

@article{gergs2018spin,
  title={Spin switching via quantum dot spin valves},
  author={Gergs, NM and Bender, SA and Duine, RA and Schuricht, D},
  journal={Physical review letters},
  volume={120},
  number={1},
  pages={017701},
  year={2018},
  publisher={APS}
}

@phdthesis{gergs2017transport,
  title={Transport and topological states in strongly correlated nanostructures},
  author={Gergs, Niklas M},
  year={2017},
  school={Utrecht University}
}

@article{saptsov2012fermionic,
  title={Fermionic superoperators for zero-temperature nonlinear transport: Real-time perturbation theory and renormalization group for Anderson quantum dots},
  author={Saptsov, RB and Wegewijs, MR},
  journal={Physical Review B},
  volume={86},
  number={23},
  pages={235432},
  year={2012},
  publisher={APS}

}
@article{leijnse2008kinetic,
  title={Kinetic equations for transport through single-molecule transistors},
  author={Leijnse, M and Wegewijs, MR},
  journal={Physical Review B},
  volume={78},
  number={23},
  pages={235424},
  year={2008},
  publisher={APS}
}

@article{kirvsanskas2017qmeq,
  title={QmeQ 1.0: An open-source Python package for calculations of transport through quantum dot devices},
  author={Kir{\v{s}}anskas, Gediminas and Pedersen, Jonas Nyvold and Karlstr{\"o}m, Olov and Leijnse, Martin and Wacker, Andreas},
  journal={Computer Physics Communications},
  volume={221},
  pages={317--342},
  year={2017},
  publisher={Elsevier}
}